<record xmlns:xsi="http://www.w3.org/2001/XMLSchema-instance" xmlns="http://www.loc.gov/MARC21/slim" xsi:schemaLocation="http://www.loc.gov/MARC21/slim http://www.loc.gov/standards/marcxml/schema/MARC21slim.xsd">

  <leader>00487nam a2200145Ia 4500</leader>
  <datafield ind1=" " tag="999" ind2=" ">
    <subfield code="c">946</subfield>
    <subfield code="d">946</subfield>
  </datafield>
  <controlfield tag="008">170912b2001    cr ||||| |||| 00| | spa d</controlfield>
  <datafield ind1=" " tag="020" ind2=" ">
    <subfield code="a">9977125430</subfield>
  </datafield>
  <datafield tag="090" ind2=" " ind1=" ">
    <subfield code="a">02.04.02 </subfield>
    <subfield code="b">254</subfield>
  </datafield>
  <datafield ind1="1" ind2=" " tag="100">
    <subfield code="a">Loría Bolaños, Rocío</subfield>
    <subfield code="9">3172</subfield>
  </datafield>
  <datafield ind2="0" tag="245" ind1="1">
    <subfield code="a">Rompamos el silencio, detengamos la violencia: Relato urgente de las mujeres ngäbe / </subfield>
    <subfield code="c">Rocío Loría Bolaños</subfield>
  </datafield>
  <datafield ind1=" " ind2=" " tag="260">
    <subfield code="a">San José, Costa Rica : </subfield>
    <subfield code="b">R. Loría B., </subfield>
    <subfield code="c">2001</subfield>
  </datafield>
  <datafield ind1=" " tag="300" ind2=" ">
    <subfield code="a">40 páginas</subfield>
  </datafield>
  <datafield tag="650" ind2="4" ind1="1">
    <subfield code="a">VIOLENCIA CONTRA LAS MUJERES</subfield>
    <subfield code="9">85</subfield>
  </datafield>
  <datafield tag="650" ind2="4" ind1="1">
    <subfield code="a">INDÍGENAS</subfield>
    <subfield code="9">427</subfield>
  </datafield>
  <datafield ind1="1" tag="650" ind2="4">
    <subfield code="a">DISCRIMINACIÓN BASADA EN EL GÉNERO </subfield>
    <subfield code="9">896</subfield>
  </datafield>
  <datafield ind1=" " tag="942" ind2=" ">
    <subfield code="2">z</subfield>
    <subfield code="c">01</subfield>
  </datafield>
</record>